@ARTICLE{Crothers1983-en,
  title     = "Some observations on shell-shape variation in North American
               populations of \emph{Nucella lapillus} (L.)",
  author    = "Crothers, J H",
  journal   = "Biol. J. Linn. Soc. Lond.",
  publisher = "Oxford University Press (OUP)",
  volume    =  19,
  number    =  3,
  pages     = "237--274",
  year      =  1983
}

@ARTICLE{Colton1922-ls,
  title     = "Variation in the Dog Whelk, \emph{Thais} (\emph{Purpura} Auct.) \emph{lapillus}",
  author    = "Colton, Harold Sellers",
  journal   = "Ecology",
  publisher = "Ecological Society of America",
  volume    =  3,
  number    =  2,
  pages     = "146--157",
  year      =  1922
}

@ARTICLE{Colton1916-gb,
  title     = "On some varieties of \emph{Thais lapillus} in the Mount Desert Region,
               a study of individual ccology",
  author    = "Colton, Harold S",
  journal   = "Proceedings of the Academy of Natural Sciences of Philadelphia",
  publisher = "Academy of Natural Sciences",
  volume    =  68,
  number    =  3,
  pages     = "440--454",
  year      =  1916
}

@ARTICLE{Doroudi1999-ao,
  title     = "The combined effects of temperature and salinity on embryos and
               larvae of the black‚Äêlip pearl oyster, \emph{Pinctada margaritifera}
               (L.)",
  author    = "Doroudi, M S and Southgate, P C and Mayer, R J",
  journal   = "Aquac. Res.",
  publisher = "Wiley",
  volume    =  30,
  number    =  4,
  pages     = "271--277",
  year      =  1999
}

@ARTICLE{Laing2000-wd,
  title    = "Effect of temperature and ration on growth and condition of king
              scallop (\emph{Pecten maximus}) spat",
  author   = "Laing, Ian",
  journal  = "Aquaculture",
  volume   =  183,
  number   =  3,
  pages    = "325--334",
  year     =  2000
}

@ARTICLE{Joubert2014-vf,
  title    = "Temperature and food influence shell growth and mantle gene
              expression of shell matrix proteins in the pearl oyster \emph{Pinctada
              margaritifera}",
  author   = "Joubert, Caroline and Linard, Cl{\'e}mentine and Le Moullac,
              Gilles and Soyez, Claude and Saulnier, Denis and
              Teaniniuraitemoana, Vaihiti and Ky, Chin Long and Gueguen,
              Yannick",
  journal  = "PLoS One",
  volume   =  9,
  number   =  8,
  pages    = "e103944",
  year     =  2014
}

@ARTICLE{Pascoal2012-od,
  title     = "Plastic and heritable variation in shell thickness of the
               intertidal gastropod \emph{Nucella lapillus} associated with risks of
               crab predation and wave action, and sexual maturation",
  author    = "Pascoal, Sonia and Carvalho, Gary and Creer, Simon and Mendo,
               Sonia and Hughes, Roger N",
  journal   = "PLoS One",
  publisher = "journals.plos.org",
  volume    =  7,
  number    =  12,
  pages     = "e52134",
  year      =  2012
}

@ARTICLE{Sanders2018-gr,
  title    = "High calcification costs limit mussel growth at low salinity",
  author   = "Sanders, Trystan and Schmittmann, Lara and Nascimento-Schulze,
              Jennifer C and Melzner, Frank",
  journal  = "Front. Mar. Sci.",
  volume   =  5,
  pages    = "352",
  year     =  2018
}

@ARTICLE{Clarke2020-fh,
  title    = "An extreme marine environment: a 14-month record of temperature
              in a polar tidepool",
  author   = "Clarke, Andrew and Beaumont, Jennifer C",
  journal  = "Polar Biol.",
  volume   =  43,
  number   =  12,
  pages    = "2021--2030",
  year     =  2020
}

@ARTICLE{Suckling2015-hv,
  title     = "Adult acclimation to combined temperature and pH stressors
               significantly enhances reproductive outcomes compared to
               short-term exposures",
  author    = "Suckling, Coleen C and Clark, Melody S and Richard, Joelle and
               Morley, Simon A and Thorne, Michael A S and Harper, Elizabeth M
               and Peck, Lloyd S",
  journal   = "J. Anim. Ecol.",
  publisher = "Wiley",
  volume    =  84,
  number    =  3,
  pages     = "773--784",
  year      =  2015
}

@ARTICLE{Fisher2009-dv,
  title    = "An intertidal snail shows a dramatic size increase over the past
              century",
  author   = "Fisher, Jonathan A D and Rhile, Erika C and Liu, Harrison and
              Petraitis, Peter S",
  journal  = "Proc. Natl. Acad. Sci. U. S. A.",
  volume   =  106,
  number   =  13,
  pages    = "5209--5212",
  year     =  2009
}

@ARTICLE{Moran1989-or,
  title     = "The effects of industrial pollution on the development and
               succession of marine fouling communities I. analysis of species
               richness and frequency data",
  author    = "Moran, P J and Grant, T R",
  journal   = "Mar. Ecol.",
  publisher = "Wiley",
  volume    =  10,
  number    =  3,
  pages     = "231--246",
  year      =  1989
}

@ARTICLE{Moran1991-kx,
  title     = "Transference of marine fouling communities between polluted and
               unpolluted sites: Impact on structure",
  author    = "Moran, P J and Grant, T R",
  journal   = "Environ. Pollut.",
  publisher = "Elsevier",
  volume    =  72,
  number    =  2,
  pages     = "89--102",
  year      =  1991
}

@ARTICLE{Rastetter1979-jj,
  title     = "Responses of marine fouling communities to sewage abatement in
               Kaneohe Bay, Oahu, Hawaii",
  author    = "Rastetter, E B and Cooke, W J",
  journal   = "Mar. Biol.",
  publisher = "Springer Science and Business Media LLC",
  volume    =  53,
  number    =  3,
  pages     = "271--280",
  year      =  1979,
}

@ARTICLE{Nehls1993-lz,
  title    = "Large-scale distribution patterns of the mussel \emph{Mytilus edulis} in
              the Wadden Sea of {Schleswig-Holstein}: Do storms structure the
              ecosystem?",
  author   = "Nehls, Georg and Thiel, Martin",
  journal  = "Neth. J. Sea Res.",
  volume   =  31,
  number   =  2,
  pages    = "181--187",
  year     =  1993
}

@ARTICLE{Wolowicz2006-is,
  title     = "Effect of eutrophication on the distribution and ecophysiology
               of the mussel \emph{Mytilus trossulus} (Bivalvia) in southern Baltic
               Sea (the Gulf of Gda{\'n}sk)",
  author    = "Wo{\l}owicz, Maciej and Soko{\l}owski, Adam and Bawazir,
               Abdullah Salem and Lasota, Rafa{\l}",
  journal   = "Limnol. Oceanogr.",
  publisher = "Wiley",
  volume    =  51,
  number    = "1part2",
  pages     = "580--590",
  year      =  2006
}

@ARTICLE{Schneider2006-nh,
  title     = "The effect of carbonate chemistry on calcification and
               photosynthesis in the hermatypic coral \emph{Acropora eurystoma}",
  author    = "Schneider, Kenneth and Erez, Jonathan",
  journal   = "Limnol. Oceanogr.",
  publisher = "Wiley",
  volume    =  51,
  number    =  3,
  pages     = "1284--1293",
  year      =  2006
}

@ARTICLE{Gattuso1998-sg,
  title     = "Effect of calcium carbonate saturation of seawater on coral
               calcification",
  author    = "Gattuso, J-P and Frankignoulle, M and Bourge, I and Romaine, S
               and Buddemeier, R W",
  journal   = "Glob. Planet. Change",
  publisher = "Elsevier BV",
  volume    =  18,
  number    =  1,
  pages     = "37--46",
  year      =  1998
}

@ARTICLE{Burton1987-vn,
  title     = "Relative precipitation rates of aragonite and Mg calcite from
               seawater: Temperature or carbonate ion control?",
  author    = "Burton, Elizabeth A and Walter, Lynn M",
  journal   = "Geology",
  publisher = "GeoScienceWorld",
  volume    =  15,
  number    =  2,
  pages     = "111--114",
  year      =  1987
}

@ARTICLE{Thomsen2013-pj,
  title     = "Food availability outweighs ocean acidification effects in
               juvenile \emph{Mytilus edulis}: laboratory and field experiments",
  author    = "Thomsen, J{\"o}rn and Casties, Isabel and Pansch, Christian and
               K{\"o}rtzinger, Arne and Melzner, Frank",
  journal   = "Glob. Chang. Biol.",
  publisher = "Wiley",
  volume    =  19,
  number    =  4,
  pages     = "1017--1027",
  year      =  2013
}

@ARTICLE{Page1987-tb,
  title    = "Temporal and spatial patterns of growth in mussels \emph{Mytilus edulis}
              on an offshore platform: relationships to water temperature and
              food availability",
  author   = "Page, H M and Hubbard, D M",
  journal  = "J. Exp. Mar. Bio. Ecol.",
  volume   =  111,
  number   =  2,
  pages    = "159--179",
  year     =  1987
}

@ARTICLE{Kroeker2016-ma,
  title    = "Interacting environmental mosaics drive geographic variation in
              mussel performance and predation vulnerability",
  author   = "Kroeker, Kristy J and Sanford, Eric and Rose, Jeremy M and
              Blanchette, Carol A and Chan, Francis and Chavez, Francisco P and
              Gaylord, Brian and Helmuth, Brian and Hill, Tessa M and Hofmann,
              Gretchen E and McManus, Margaret A and Menge, Bruce A and
              Nielsen, Karina J and Raimondi, Peter T and Russell, Ann D and
              Washburn, Libe",
  journal  = "Ecol. Lett.",
  volume   =  19,
  number   =  7,
  pages    = "771--779",
  year     =  2016
}

@ARTICLE{Marra2011-ko,
  title    = "Practical variable selection for generalized additive models",
  author   = "Marra, Giampiero and Wood, Simon N",
  journal  = "Comput. Stat. Data Anal.",
  volume   =  55,
  number   =  7,
  pages    = "2372--2387",
  year     =  2011
}

@ARTICLE{Borges2010-jq,
  title     = "Carbonate chemistry in the coastal zone responds more strongly
               to eutrophication than ocean acidification",
  author    = "Borges, Alberto V and Gypens, Nathalie",
  journal   = "Limnol. Oceanogr.",
  publisher = "Wiley",
  volume    =  55,
  number    =  1,
  pages     = "346--353",
  year      =  2010
}

@ARTICLE{Przeslawski2015-ph,
  title     = "A review and meta-analysis of the effects of multiple abiotic
               stressors on marine embryos and larvae",
  author    = "Przeslawski, Rachel and Byrne, Maria and Mellin, Camille",
  publisher = "Wiley",
  volume    =  21,
  number    =  6,
  pages     = "2122--2140",
  year      =  2015
}

@ARTICLE{Petraitis2020-gt,
  title     = "Declines over the last two decades of five intertidal
               invertebrate species in the western North Atlantic",
  author    = "Petraitis, Peter S and Dudgeon, S R",
  journal   = "Commun. Biol.",
  publisher = "Springer Science and Business Media LLC",
  volume    =  3,
  number    =  1,
  pages     = "591",
  year      =  2020
}

@ARTICLE{Burrows1989-gi,
  title     = "Natural foraging of the dogwhelk, \emph{Nucell lapillus} (Linnaeus);
               The weather and whether to feed",
  author    = "Burrows, Michael T and Hughes, Roger N",
  abstract  = "Abstract. The natural cycle of foraging and sheltering in
               dogwhelks is closely associated with changing weather
               conditions. The behaviour of individual dogwhelk",
  journal   = "J. Moll. Stud.",
  publisher = "Oxford Academic",
  volume    =  55,
  number    =  2,
  pages     = "285--295",
  year      =  1989
}

@ARTICLE{Hughes1994-qn,
  title     = "An interdisciplinary approach to the study of foraging behaviour
               in the predatory gastropod, \emph{Nucella lapillus} (L.)",
  author    = "Hughes, Roger N and Burrows, M T",
  journal   = "Ethol. Ecol. Evol.",
  publisher = "Taylor \& Francis",
  volume    =  6,
  number    =  1,
  pages     = "75--85",
  year      =  1994
}

@ARTICLE{Kerckhof2002-rt,
  title    = "Barnacles (\emph{Cirripedia}, \emph{Balanomorpha}) in Belgian waters, an
              overview of the species and recent evolutions, with emphasis on
              exotic species",
  author   = "Kerckhof, F",
  journal  = "Bull. Inst. R. Sci. Nat. Belg.", 
  volume   =  72,
  pages    = "93--104",
  year     =  2002
}

@ARTICLE{Leloup1952-ez,
  title    = "Sur la pr{\'e}sence dans les eaux de la c{\^o}te belge du
              cirrip{\`e}de \emph{Elminius modestus} Darwin, 1854, du cop√©pode parasite, \emph{Mytilicola intestinalis} Steuer, 1902, et du polych{\`e}te, \emph{Mercierella enigmatica} Fauvel, 1922",
  author   = "Leloup, E and Lefevere, S",
  journal  = "Bull. Inst. R. Sci. Nat. Belg. ",
  pages    = "1--12",
  volume   =  28,
  number   =  48,
  year     =  1952
}

@ARTICLE{Wolff2005-ai,
  title    = "Non-indigenous marine and estuarine species in The Netherlands",
  author   = "Wolff, W J",
  journal  = "Zool. Meded.",
  volume   = "79-1",
  pages    = "1--116",
  year     =  2005
}

@ARTICLE{Boschma1948-fd,
  title     = "\emph{Elminius modestus} in the Netherlands",
  author    = "Boschma, H",
  journal   = "Nature",
  publisher = "Nature Publishing Group",
  volume    =  161,
  number    =  4089,
  pages     = "403--404",
  year      =  1948
}

@ARTICLE{Harms1998-da,
  title     = "The neozoan \emph{Elminius modestus} Darwin (Crustacea, Cirripedia):
               Possible explanations for its successful invasion in European
               water",
  author    = "Harms, J",
  publisher = "Springer Science and Business Media LLC",
  volume    =  52,
  number    =  3,
  pages     = "337",
  year      =  1998
}

@ARTICLE{Wolff2005-ed,
  title    = "Non-indigenous marine and estuarine species in The Netherlands",
  author   = "Wolff, Willem Jan",
  journal  = "Zool. Meded.",
  volume   =  79,
  pages    = "1--116",
  year     =  2005
}

% The entry below contains non-ASCII chars that could not be converted
% to a LaTeX equivalent.
@ARTICLE{Ashton2017-cm,
  title    = "Warming by 1¬∞C dives species and assemblage level responses in
              Antarctica's marine shallows",
  author   = "Ashton, Gail V and Morley, Simon A and Barnes, David K A and
              Clark, Melody S and Peck, Lloyd S",
  journal  = "Curr. Biol.",
  volume   =  27,
  number   =  17,
  pages    = "2698--2705.e3",
  year     =  2017
}

% The entry below contains non-ASCII chars that could not be converted
% to a LaTeX equivalent.
@ARTICLE{Clarke1993-lx,
  title     = "Seasonal acclimatization and latitudinal compensation in
               metabolism: Do they exist?",
  author    = "Clarke, Andrew",
  journal   = "Funct. Ecol.",
  publisher = "[British Ecological Society, Wiley]",
  volume    =  7,
  number    =  2,
  pages     = "139--149",
  year      =  1993
}

% The entry below contains non-ASCII chars that could not be converted
% to a LaTeX equivalent.
@ARTICLE{Palmer1992-uz,
  title     = "Calcification in marine molluscs: How costly is it?",
  author    = "Palmer, A R",
  journal   = "Proc. Natl. Acad. Sci. U.S.A.",
  publisher = "National Acad Sciences",
  number    =  89,
  pages     = "1379--1382",
  year      =  1992
}

@ARTICLE{Palmer1983-nq,
  title     = "Relative cost of producing skeletal organic matrix versus
               calcification: Evidence from marine gastropods",
  author    = "Palmer, A R",
  journal   = "Mar. Biol.",
  publisher = "Springer Nature",
  volume    =  75,
  number    =  2,
  pages     = "287--292",
  year      =  1983
}

@ARTICLE{Clark2021-hy,
  title    = "Resilience in Greenland intertidal \emph{Mytilus}: The hidden stress
              defense",
  author   = "Clark, Melody S and Peck, Lloyd S and Thyrring, Jakob",
  journal  = "Sci. Total Environ.",
  volume   =  767,
  pages    = "144366",
  year     =  2021
}

@ARTICLE{Thyrring2017-sd,
  title     = "Rising air temperatures will increase intertidal mussel
               abundance in the Arctic",
  author    = "Thyrring, J and Blicher, M E and S{\o}rensen, J G and Wegeberg,
               S and Sejr, M K",
  journal   = "Mar. Ecol. Prog. Ser.",
  publisher = "Inter-Research Science Center",
  volume    =  584,
  pages     = "91--104",
  year      =  2017
}

@ARTICLE{Barnes2021-ju,
  title    = "1 ¬∞C warming increases spatial competition frequency and
              complexity in Antarctic marine macrofauna",
  author   = "Barnes, David K A and Ashton, Gail V and Morley, Simon A and
              Peck, Lloyd S",
  journal  = "Commun. Biol.",
  volume   =  4,
  number   =  1,
  pages    = "208",
  year     =  2021
}

% The entry below contains non-ASCII chars that could not be converted
% to a LaTeX equivalent.
@ARTICLE{Clark2019-lc,
  title    = "Lack of long-term acclimation in Antarctic encrusting species
              suggests vulnerability to warming",
  author   = "Clark, Melody S and Villota Nieva, Leyre and Hoffman, Joseph I
              and Davies, Andrew J and Trivedi, Urmi H and Turner, Frances and
              Ashton, Gail V and Peck, Lloyd S",
  journal  = "Nat. Commun.",
  volume   =  10,
  number   =  1,
  pages    = "3383",
  year     =  2019
}

@ARTICLE{Peck2011-ua,
  title    = "Organisms and responses to environmental change",
  author   = "Peck, Lloyd S",
  journal  = "Mar. Genom.",
  volume   =  4,
  number   =  4,
  pages    = "237--243",
  year     =  2011
}

@ARTICLE{Somero2012-pq,
  title    = "The physiology of global change: linking patterns to mechanisms",
  author   = "Somero, George N",
  journal  = "Ann. Rev. Mar. Sci.",
  volume   =  4,
  pages    = "39--61",
  year     =  2012
}

@ARTICLE{Donelson2018-py,
  title    = "Transgenerational plasticity and climate change experiments:
              Where do we go from here?",
  author   = "Donelson, Jennifer M and Salinas, Santiago and Munday, Philip L
              and Shama, Lisa N S",
  journal  = "Glob. Chang. Biol.",
  volume   =  24,
  number   =  1,
  pages    = "13--34",
  year     =  2018
}

@ARTICLE{Cornwall2020-ub,
  title     = "A coralline alga gains tolerance to ocean acidification over
               multiple generations of exposure",
  author    = "Cornwall, C E and Comeau, S and DeCarlo, T M and Larcombe, E and
               Moore, B and Giltrow, K and Puerzer, F and D'Alexis, Q and
               McCulloch, M T",
  journal   = "Nat. Clim. Chang.",
  publisher = "Nature Publishing Group",
  volume    =  10,
  number    =  2,
  pages     = "143--146",
  year      =  2020
}

@ARTICLE{Gibbin2017-kh,
  title    = "The evolution of phenotypic plasticity under global change",
  author   = "Gibbin, Emma M and Massamba N'Siala, Gloria and Chakravarti,
              Leela J and Jarrold, Michael D and Calosi, Piero",
  journal  = "Sci. Rep.",
  volume   =  7,
  number   =  1,
  pages    = "17253",
  year     =  2017
}

@ARTICLE{Brion2008-na,
  title     = "Nutrient loads to the Belgian coastal zone",
  author    = "Brion, Natacha and Jans, Siegrid and Chou, Lei and Rousseau,
               V{\'e}ronique",
  editor    = "{Rousseau, V., Lancelot, C. \& Cox, D.}",
  journal   = "Current status of eutrophication in the Belgian coastal zone",
  publisher = "Presses Universitaires de Bruxelles, Brussels, NdeÃÅpoÃÇt legal:
               D/2006/1191/45",
  pages     = "17--43",
  year      =  2008
}

@ARTICLE{Mackenzie2002-gg,
  title    = "Century-scale nitrogen and phosphorus controls of the carbon
              cycle",
  author   = "Mackenzie, Fred T and Ver, Leah May and Lerman, Abraham",
  journal  = "Chem. Geol.",
  volume   =  190,
  number   =  1,
  pages    = "13--32",
  year     =  2002
}

@ARTICLE{Gypens2009-ok,
  title     = "Effect of eutrophication on air-sea CO2 fluxes in the coastal
               Southern North Sea: a model study of the past 50 years",
  author    = "Gypens, N and Borges, A V and Lancelot, C",
  journal   = "Glob. Chang. Biol.",
  publisher = "Wiley",
  volume    =  15,
  number    =  4,
  pages     = "1040--1056",
  year      =  2009
}

@ARTICLE{Harper2000-xx,
  title     = "Are calcitic layers an effective adaptation against shell
               dissolution in the Bivalvia?",
  author    = "Harper, E M",
  journal   = "J. Zool.",
  publisher = "Wiley",
  volume    =  251,
  number    =  2,
  pages     = "179--186",
  year      =  2000
}

@ARTICLE{Mayk2020-ko,
  title     = "Transitional spherulitic layer in the muricid \emph{Nucella lapillus}",
  author    = "Mayk, Dennis",
  journal   = "J. Moll. Stud.",
  publisher = "Oxford Academic",
  volume    =  87,
  number    =  1,
  year      =  2020
}

@ARTICLE{Desmit2020-ay,
  title     = "Changes in chlorophyll concentration and phenology in the North
               Sea in relation to de‚Äêeutrophication and sea surface warming",
  author    = "Desmit, Xavier and Nohe, Anja and Borges, Alberto Vieira and
               Prins, Theo and De Cauwer, Karien and Lagring, Ruth and Van der
               Zande, Dimitry and Sabbe, Koen",
  journal   = "Limnol. Oceanogr.",
  publisher = "Wiley",
  volume    =  65,
  number    =  4,
  pages     = "828--847",
  year      =  2020
}

@ARTICLE{Thomsen2015-wi,
  title     = "Impact of seawater carbonate chemistry on the calcification of
               marine bivalves",
  author    = "Thomsen, J and Haynert, K and Wegner, K M and Melzner, F",
  journal   = "Biogeosciences",
  publisher = "Copernicus GmbH",
  volume    =  12,
  number    =  14,
  pages     = "4209--4220",
  year      =  2015
}

@ARTICLE{Harley2017-so,
  title    = "Conceptualizing ecosystem tipping points within a physiological
              framework",
  author   = "Harley, Christopher D G and Connell, Sean D and Doubleday,
              Zo{\"e} A and Kelaher, Brendan and Russell, Bayden D and
              Sar{\`a}, Gianluca and Helmuth, Brian",
  journal  = "Ecol. Evol.",
  volume   =  7,
  number   =  15,
  pages    = "6035--6045",
  year     =  2017
}

@ARTICLE{Bernhardt2018-fp,
  title    = "Nonlinear averaging of thermal experience predicts population
              growth rates in a thermally variable environment",
  author   = "Bernhardt, Joey R and Sunday, Jennifer M and Thompson, Patrick L
              and O'Connor, Mary I",
  journal  = "Proc. Biol. Sci.",
  volume   =  285,
  number   =  1886,
  year     =  2018
}

@ARTICLE{Easterling2000-cw,
  title     = "Climate extremes: observations, modeling, and impacts",
  author    = "Easterling, D R and Meehl, G A and Parmesan, C and Changnon, S A
               and Karl, T R and Mearns, L O",
  journal   = "Science",
  publisher = "science.sciencemag.org",
  volume    =  289,
  number    =  5487,
  pages     = "2068--2074",
  year      =  2000
}

@ARTICLE{Meehl2004-ur,
  title     = "More intense, more frequent, and longer lasting heat waves in
               the 21^{st} century",
  author    = "Meehl, Gerald A and Tebaldi, Claudia",
  journal   = "Science",
  publisher = "science.sciencemag.org",
  volume    =  305,
  number    =  5686,
  pages     = "994--997",
  year      =  2004
}

@ARTICLE{Rahmstorf2011-rh,
  title     = "Increase of extreme events in a warming world",
  author    = "Rahmstorf, Stefan and Coumou, Dim",
  journal   = "Proc. Natl. Acad. Sci. U. S. A.",
  publisher = "National Acad Sciences",
  volume    =  108,
  number    =  44,
  pages     = "17905--17909",
  year      =  2011
}

@ARTICLE{Rummukainen2012-ej,
  title     = "Changes in climate and weather extremes in the 21^{st} century",
  author    = "Rummukainen, Markku",
  journal   = "Wiley Interdiscip. Rev. Clim. Change",
  publisher = "Wiley",
  volume    =  3,
  number    =  2,
  pages     = "115--129",
  year      =  2012
}

@ARTICLE{Watson2012-fy,
  title    = "Marine invertebrate skeleton size varies with latitude,
              temperature and carbonate saturation: implications for global
              change and ocean acidification",
  author   = "Watson, Sue-Ann and Peck, Lloyd S and Tyler, Paul A and
              Southgate, Paul C and Tan, Koh Siang and Day, Robert W and
              Morley, Simon A",
  journal  = "Glob. Chang. Biol.",
  volume   =  18,
  number   =  10,
  pages    = "3026--3038",
  year     =  2012
}

@ARTICLE{Doney2009-wq,
  title    = "Ocean acidification: The other CO2 problem",
  author   = "Doney, Scott C and Fabry, Victoria J and Feely, Richard A and
              Kleypas, Joan A",
  journal  = "Annu. Rev. Mar. Sci.",
  volume   =  1,
  pages    = "169--192",
  year     =  2009
}

@ARTICLE{Parker2013-zx,
  title    = "Predicting the response of molluscs to the impact of ocean
              acidification",
  author   = "Parker, Laura M and Ross, Pauline M and O'Connor, Wayne A and
              P{\"o}rtner, Hans O and Scanes, Elliot and Wright, John M",
  journal  = "Biology",
  volume   =  2,
  number   =  2,
  pages    = "651--692",
  year     =  2013
}

@ARTICLE{Byrne2013-om,
  title    = "Multistressor impacts of warming and acidification of the ocean
              on marine invertebrates' life histories",
  author   = "Byrne, Maria and Przeslawski, Rachel",
  journal  = "Integr. Comp. Biol.",
  volume   =  53,
  number   =  4,
  pages    = "582--596",
  year     =  2013
}

@INCOLLECTION{Byrne2011-ql,
  title     = "Impact of ocean warming and ocean acidification on marine
               invertebrate life history stages",
  booktitle = "Oceanogr. Mar. Biol. Annu Rev.",
  author    = "Byrne, Maria",
  publisher = "CRC Press",
  year      =  2011,
  volume    =  49,
  pages		=  "1--42"
}

@ARTICLE{Hofmann2010-uq,
  title     = "The effect of ocean acidification on calcifying organisms in
               marine ecosystems: An {organism-to-ecosystem} perspective",
  author    = "Hofmann, Gretchen E and Barry, James P and Edmunds, Peter J and
               Gates, Ruth D and Hutchins, David A and Klinger, Terrie and
               Sewell, Mary A",
  journal   = "Annu. Rev. Ecol. Evol. Syst.",
  publisher = "Annual Reviews",
  volume    =  41,
  number    =  1,
  pages     = "127--147",
  year      =  2010
}

@ARTICLE{Kroeker2013-nr,
  title    = "Impacts of ocean acidification on marine organisms: Quantifying
              sensitivities and interaction with warming",
  author   = "Kroeker, Kristy J and Kordas, Rebecca L and Crim, Ryan and
              Hendriks, Iris E and Ramajo, Laura and Singh, Gerald S and
              Duarte, Carlos M and Gattuso, Jean-Pierre",
  journal  = "Glob. Chang. Biol.",
  volume   =  19,
  number   =  6,
  pages    = "1884--1896",
  year     =  2013
}

@ARTICLE{Cross2019-kd,
  title    = "Thicker shells compensate extensive dissolution in brachiopods
              under future ocean acidification",
  author   = "Cross, Emma L and Harper, Elizabeth M and Peck, Lloyd S",
  journal  = "Environ. Sci. Technol.",
  volume   =  53,
  number   =  9,
  pages    = "5016--5026",
  year     =  2019
}

@ARTICLE{Cross2015-np,
  title    = "Ocean acidification does not impact shell growth or repair of the
              Antarctic brachiopod \emph{Liothyrella uva} (Broderip, 1833)",
  author   = "Cross, Emma L and Peck, Lloyd S and Harper, Elizabeth M",
  journal  = "J. Exp. Mar. Biol. Ecol.",
  volume   =  462,
  pages    = "29--35",
  year     =  2015
}

@ARTICLE{Cross2015-rr,
  title     = "No ocean acidification effects on shell growth and repair in the
               New Zealand brachiopod \emph{Calloria inconspicua} (Sowerby, 1846)",
  author    = "Cross, Emma L and Peck, Lloyd S and Lamare, Miles D and Harper,
               Elizabeth M",
  journal   = "ICES J. Mar. Sci.",
  publisher = "Oxford Academic",
  volume    =  73,
  number    =  3,
  pages     = "920--926",
  year      =  2015
}

@ARTICLE{Waldbusser2015-ll,
  title    = "Ocean acidification has multiple modes of action on bivalve
              larvae",
  author   = "Waldbusser, George G and Hales, Burke and Langdon, Chris J and
              Haley, Brian A and Schrader, Paul and Brunner, Elizabeth L and
              Gray, Matthew W and Miller, Cale A and Gimenez, Iria and
              Hutchinson, Greg",
  journal  = "PLoS One",
  volume   =  10,
  number   =  6,
  pages    = "e0128376",
  year     =  2015
}

@ARTICLE{Waldbusser2014-qn,
  title     = "Saturation-state sensitivity of marine bivalve larvae to ocean
               acidification",
  author    = "Waldbusser, George G and Hales, Burke and Langdon, Chris J and
               Haley, Brian A and Schrader, Paul and Brunner, Elizabeth L and
               Gray, Matthew W and Miller, Cale A and Gimenez, Iria",
  journal   = "Nat. Clim. Chang.",
  publisher = "Nature Publishing Group",
  volume    =  5,
  number    =  3,
  pages     = "273--280",
  year      =  2014
}

@ARTICLE{Hofmann1995-yv,
  title     = "Evidence for protein damage at environmental temperatures:
               seasonal changes in levels of ubiquitin conjugates and hsp70 in
               the intertidal mussel \emph{Mytilus trossulus}",
  author    = "Hofmann, Gretchen E and Somero, G",
  journal   = "J. Exp. Biol.",
  publisher = "jeb.biologists.org",
  volume    =  198,
  number    = "Pt 7",
  pages     = "1509--1518",
  year      =  1995
}

@ARTICLE{Roberts1997-hi,
  title     = "Heat-shock protein expression in \emph{Mytilus californianus}:
               Acclimatization (seasonal and tidal-height comparisons) and
               acclimation effects",
  author    = "Roberts, D A and Hofmann, G E and Somero, G N",
  journal   = "Biol. Bull.",
  publisher = "journals.uchicago.edu",
  volume    =  192,
  number    =  2,
  pages     = "309--320",
  year      =  1997
}

@ARTICLE{Angilletta2013-ie,
  title     = "Heat tolerance during embryonic development has not diverged
               among populations of a widespread species (\emph{Sceloporus undulatus})",
  author    = "Angilletta, Jr, Michael J and Zelic, Maximilian H and Adrian,
               Gregory J and Hurliman, Alex M and Smith, Colton D",
  journal   = "Conserv. Physiol.",
  publisher = "academic.oup.com",
  volume    =  1,
  number    =  1,
  pages     = "cot018",
  year      =  2013
}

@ARTICLE{Currey1982-mu,
  title     = "Strength of the dogwhelk \emph{Nucella lapillus} and the winkle
               \emph{Littorina littorea} from different habitats",
  author    = "Currey, J D and Hughes, Roger N",
  journal   = "J. Anim. Ecol.",
  publisher = "[Wiley, British Ecological Society]",
  volume    =  51,
  number    =  1,
  pages     = "47--56",
  year      =  1982
}

@ARTICLE{Cowell1970-jq,
  title     = "On the occurrence of multiple rows of `teeth' in the shell of
               the dog-whelk \emph{Nucella Lapillus}",
  author    = "Cowell, E B and Crothers, J H",
  journal   = "J. Mar. Biol. Assoc. U. K.",
  publisher = "Cambridge University Press",
  volume    =  50,
  number    =  4,
  pages     = "1101--1111",
  year      =  1970
}

@ARTICLE{Hughes1979-qc,
  title     = "Tactics of a predator, \emph{Carcinus maenas}, and morphological
               responses of the prey, \emph{Nucella lapillus}",
  author    = "Hughes, Roger N and Elner, R W",
  journal   = "J. Anim. Ecol.",
  publisher = "[Wiley, British Ecological Society]",
  volume    =  48,
  number    =  1,
  pages     = "65--78",
  year      =  1979
}

@ARTICLE{Berry2009-ql,
  title     = "Visible variation in the dog-whelk, \emph{Nucella lapillus}",
  author    = "Berry, R J and Crothers, J H",
  journal   = "J. Zool.",
  publisher = "Wiley",
  volume    =  174,
  number    =  1,
  pages     = "123--148",
  year      =  2009
}

@ARTICLE{Cross2018-bw,
  title    = "A 120-year record of resilience to environmental change in
              brachiopods",
  author   = "Cross, Emma L and Harper, Elizabeth M and Peck, Lloyd S",
  journal  = "Glob. Chang. Biol.",
  volume   =  24,
  number   =  6,
  pages    = "2262--2271",
  year     =  2018
}

@ARTICLE{Gazeau2013-cs,
  title     = "Impacts of ocean acidification on marine shelled molluscs",
  author    = "Gazeau, Fr{\'e}d{\'e}ric and Parker, Laura M and Comeau, Steeve
               and Gattuso, Jean-Pierre and O'Connor, Wayne A and Martin,
               Sophie and P{\"o}rtner, Hans-Otto and Ross, Pauline M",
  journal   = "Mar. Biol.",
  publisher = "Springer Science and Business Media LLC",
  volume    =  160,
  number    =  8,
  pages     = "2207--2245",
  year      =  2013,
}

@ARTICLE{Gaylord2011-aj,
  title    = "Functional impacts of ocean acidification in an ecologically
              critical foundation species",
  author   = "Gaylord, Brian and Hill, Tessa M and Sanford, Eric and Lenz,
              Elizabeth A and Jacobs, Lisa A and Sato, Kirk N and Russell, Ann
              D and Hettinger, Annaliese",
  journal  = "J. Exp. Biol.",
  volume   =  214,
  number   = "15",
  pages    = "2586--2594",
  year     =  2011
}

@ARTICLE{Fitzer2014-mg,
  title    = "Ocean acidification reduces the crystallographic control in
              juvenile mussel shells",
  author   = "Fitzer, Susan C and Cusack, Maggie and Phoenix, Vernon R and
              Kamenos, Nicholas A",
  journal  = "J. Struct. Biol.",
  volume   =  188,
  number   =  1,
  pages    = "39--45",
  year     =  2014
}

@ARTICLE{Fitzer2015-nr,
  title    = "Ocean acidification and temperature increase impact mussel shell
              shape and thickness: problematic for protection?",
  author   = "Fitzer, Susan C and Vittert, Liberty and Bowman, Adrian and
              Kamenos, Nicholas A and Phoenix, Vernon R and Cusack, Maggie",
  journal  = "Ecol. Evol.",
  volume   =  5,
  number   =  21,
  pages    = "4875--4884",
  year     =  2015
}

@ARTICLE{Barclay2019-xu,
  title     = "Variation in the effects of ocean acidification on shell growth
               and strength in two intertidal gastropods",
  author    = "Barclay, K M and Gaylord, B and Jellison, B M and Shukla, P and
               Sanford, E and Leighton, L R",
  journal   = "Mar. Ecol. Prog. Ser.",
  publisher = "Inter-Research Science Center",
  volume    =  626,
  pages     = "109--121",
  year      =  2019,
}

@ARTICLE{Bates2014-rh,
  title     = "A time-series view of changing surface ocean chemistry due to
               ocean uptake of anthropogenic CO2 and ocean acidification",
  author    = "Bates, Nicholas R and Astor, Yrene M and Church, Matthew J and
               Currie, Kim and Dore, John E and Gonz{\'a}lez-D{\'a}vila,
               Melchor and Lorenzoni, Laura and Muller-Karger, Frank and
               Olafsson, Jon and Santana-Casiano, J Magdalena",
  journal   = "Oceanography",
  publisher = "Oceanography Society",
  volume    =  27,
  number    =  1,
  pages     = "126--141",
  year      =  2014
}

@ARTICLE{Fay2013-vi,
  title     = "Global trends in surface ocean \emph{p}CO2 from in situ data",
  author    = "Fay, A R and McKinley, G A",
  journal   = "Glob. Biogeochem. Cycles",
  publisher = "American Geophysical Union (AGU)",
  volume    =  27,
  number    =  2,
  pages     = "541--557",
  year      =  2013
}

@ARTICLE{Ostle2016-kg,
  title     = "Carbon dioxide and ocean acidification observations in UK
               waters. Synthesis report with a focus on 2010--2015",
  author    = "Ostle, C and Willliamson, P and Artioli, Y and Bakker, D C E and
               Birchenough, S N R and Davis, C E and Dye, S and Edwards, M and
               Findlay, H S and Greenwood, N and Hartman, S and Humpreys, M P
               and Jickells, T D and Johnson, M and Landsch{\"u}tzer, P and
               Parker, R and Pearce, D A and Pinnegar, J K and Robinson, C and
               Schuster, U and Silburn, B and Thomas, R and Wakelin, S L and
               Walsham, P and Watson, A J",
  publisher = "Department for Environment, Food and Rural Affairs",
  pages     = "44",
  year      =  2016
}

@ARTICLE{Kuhl1982-jb,
  title     = "Elliptic Fourier features of a closed contour",
  author    = "Kuhl, Frank P and Giardina, Charles R",
  journal   = "Computer Graphics and Image Processing",
  publisher = "Elsevier",
  volume    =  18,
  number    =  3,
  pages     = "236--258",
  year      =  1982
}

@ARTICLE{Giardina1977-jo,
  title     = "Accuracy of curve approximation by harmonically related vectors
               with elliptical loci",
  author    = "Giardina, Charles R and Kuhl, Frank P",
  journal   = "Computer Graphics and Image Processing",
  publisher = "Elsevier",
  volume    =  6,
  number    =  3,
  pages     = "277--285",
  year      =  1977
}

@ARTICLE{Zuur2010-tn,
  title     = "A protocol for data exploration to avoid common statistical
               problems",
  author    = "Zuur, Alain F and Ieno, Elena N and Elphick, Chris S",
  publisher = "Wiley",
  volume    =  1,
  number    =  1,
  pages     = "3--14",
  year      =  2010
}

@ARTICLE{Zuur2016-hk,
  title     = "A protocol for conducting and presenting results of
               regression-type analyses",
  author    = "Zuur, Alain F and Ieno, Elena N",
  journal   = "Methods Ecol. Evol.",
  publisher = "Wiley",
  volume    =  7,
  number    =  6,
  pages     = "636--645",
  year      =  2016
}

@ARTICLE{Appleton1988-zb,
  title    = "Water-borne stimuli released by predatory crabs and damaged prey
              induce more predator-resistant shells in a marine gastropod",
  author   = "Appleton, R D and Palmer, A R",
  journal  = "Proc. Natl. Acad. Sci. U. S. A.",
  volume   =  85,
  number   =  12,
  pages    = "4387--4391",
  year     =  1988
}

@MISC{R_Core_Team2020-ph,
  title       = "R: A language and environment for statistical computing",
  author      = "{R Core Team}",
  institution = "R Foundation for Statistical Computing",
  year        =  2020,
  address     = "Vienna, Austria"
}

@ARTICLE{De_Blauwe2012-gg,
  title    = "Voortplantende populatie van de Purperslak (\emph{Nucella lapillus}) in
              Belgi{\"e} na meer dan 30 jaar afwezigheid (Mollusca, Gastropoda,
              Muricidae)",
  author   = "De Blauwe, H and d'Udekem d'Acoz, C",
  journal  = "De Strandvio",
  volume   =  32,
  number   =  4,
  pages    = "127--131",
  year     =  2012
}

@ARTICLE{Bullard2021-lk,
  title     = "Shell mineralogy of a foundational marine species, \emph{Mytilus
               californianus}, over half a century in a changing ocean",
  author    = "Bullard, Elizabeth M and Torres, Ivan and Ren, Tianqi and
               Graeve, Olivia A and Roy, Kaustuv",
  journal   = "Proc. Natl. Acad. Sci. U. S. A.",
  publisher = "National Acad Sciences",
  volume    =  118,
  number    =  3,
  pages		=  "e2004769118",
  year      =  2021
}

@ARTICLE{Telesca2018-oo,
  title    = "Blue mussel shell shape plasticity and natural environments: a
              quantitative approach",
  author   = "Telesca, Luca and Michalek, Kati and Sanders, Trystan and Peck,
              Lloyd S and Thyrring, Jakob and Harper, Elizabeth M",
  journal  = "Sci. Rep.",
  volume   =  8,
  number   =  1,
  pages    = "2865",
  year     =  2018
}

@ARTICLE{Telesca2019-ua,
  title    = "Biomineralization plasticity and environmental heterogeneity
              predict geographical resilience patterns of foundation species to
              future change",
  author   = "Telesca, Luca and Peck, Lloyd S and Sanders, Trystan and
              Thyrring, Jakob and Sejr, Mikael K and Harper, Elizabeth M",
  journal  = "Glob. Chang. Biol.",
  volume   =  25,
  number   =  12,
  pages    = "4179--4193",
  year     =  2019
}

@ARTICLE{Telesca2021-zm,
  title    = "A century of coping with environmental and ecological changes via
              compensatory biomineralization in mussels",
  author   = "Telesca, Luca and Peck, Lloyd S and Backeljau, Thierry and
              Heinig, Mario F and Harper, Elizabeth M",
  journal  = "Glob. Chang. Biol.",
  volume   =  27,
  number   =  3,
  pages    = "624--639",
  year     =  2021
}

@MISC{Bonhomme2014-jj,
  title    = "Momocs: Outline analysis using R",
  author   = "Bonhomme, Vincent and Picq, Sandrine and Gaucherel, Cedric and
              Claude, Julien",
  journal  = "J. Stat. Softw.",
  volume   =  56,
  number   =  13,
  pages    = "1--24",
  year     =  2014
}

@ARTICLE{Wood2011-ui,
  title     = "Fast stable restricted maximum likelihood and marginal
               likelihood estimation of semiparametric generalized linear
               models",
  author    = "Wood, Simon N",
  journal   = "J. R. Stat. Soc. Series B Stat. Methodol.",
  publisher = "Wiley",
  volume    =  73,
  number    =  1,
  pages     = "3--36",
  year      =  2011
}

@MISC{Ices2020-be,
  title    = "Dataset on ocean hydrography",
  author   = "{ICES}",
  year     =  2020,
  address  = "ICES, Copenhagen"
}

@ARTICLE{Sanders2021-gf,
  title     = "Decoupling salinity and carbonate chemistry: Low calcium ion
               concentration rather than salinity limits calcification in
               Baltic Sea mussels",
  journal   = "Biogeosciences",
  publisher = "Copernicus GmbH",
  volume    =  18,
  number    =  8,
  pages     = "2573--2590",
  year      =  2021
}

@MISC{National_Centers_for_Environmental_InformationNESDISNOAAUS_Department_of_Commerce2016-ey,
  title     = "International comprehensive ocean-atmosphere data set
               (ICOADS} release 3, monthly summaries",
  author    = "{National Centers for Environmental Information/NESDIS/NOAA/U.S.
               Department of Commerce} and {Research Data Archive/Computational
               and Information Systems Laboratory/National Center for
               Atmospheric Research/University Corporation for Atmospheric
               Research} and {Earth System Research Laboratory/NOAA/U.S.
               Department of Commerce} and {Cooperative Institute for Research
               in Environmental Sciences/University of Colorado} and {National
               Oceanography Centre/Natural Environment Research Council/United
               Kingdom} and {Met Office/Ministry of Defence/United Kingdom} and
               {Deutscher Wetterdienst (German Meteorological Service)/Germany}
               and {Department of Atmospheric Science/University of Washington}
               and {Center for Ocean-Atmospheric Prediction Studies/Florida
               State University}",
  publisher = "UCAR/NCAR - Research Data Archive",
  year      =  2016
}

@ARTICLE{Galante-Oliveira2011-ux,
  title     = "\emph{Nucella lapillus} ecotypes at the southern distributional limit
               in Europe: variation in shell morphology is not correlated with
               chromosome counts on the Portuguese Atlantic coast",
  author    = "Galante-Oliveira, Susana and Mar{\c c}al, Raquel and Pacheco,
               M{\'a}rio and Barroso, Carlos M",
  journal   = "J. Moll. Stud.",
  publisher = "Oxford Academic",
  volume    =  78,
  number    =  1,
  pages     = "147--150",
  year      =  2011
}

@ARTICLE{Kerckhof1988-pz,
  title    = "Over het verdwijnen van de purperslak \emph{Nucella lapillus} (Linnaeus
              1758). Langs onze kust",
  author   = "Kerckhof, F",
  journal  = "De Strandvlo",
  number   = "8(2)",
  pages    = "82--85",
  year     =  1988
}

@ARTICLE{Avery2006-zf,
  title     = "Microstructural differences in the reinforcement of a gastropod
               shell against predation",
  author    = "Avery, R and Etter, R J",
  journal   = "Mar. Ecol. Prog. Ser.",
  publisher = "Inter-Research Science Center",
  volume    =  323,
  pages     = "159--170",
  year      =  2006
}

@ARTICLE{Vermeij1980-jt,
  title     = "Geographical variation in the shell strength of thaidid snail
               shells",
  author    = "Vermeij, Geerat J and Currey, John D",
  journal   = "Biol. Bull.",
  publisher = "The University of Chicago Press",
  volume    =  158,
  number    =  3,
  pages     = "383--389",
  year      =  1980
}

@ARTICLE{Gibbs1991-rr,
  title     = "TBT-induced imposex in the dogwhelk, \emph{Nucella lapillus}:
               Geographical uniformity of the response and effects",
  author    = "Gibbs, Peter E and Bryan, G W and Pascoe, P L",
  journal   = "Mar. Environ. Res.",
  publisher = "Elsevier BV",
  volume    =  32,
  number    =  1,
  pages     = "79--87",
  year      =  1991,
}

@ARTICLE{Galante-Oliveira2010-ha,
  title    = "Factors affecting RPSI in imposex monitoring studies using
              \emph{Nucella lapillus} (L.) as bioindicator",
  author   = "Galante-Oliveira, Susana and Oliveira, Isabel and Santos,
              Jos{\'e} Ant{\'o}nio and Pereira, Maria de Lourdes and Pacheco,
              M{\'a}rio and Barroso, Carlos M",
  journal  = "J. Environ. Monit.",
  volume   =  12,
  number   =  5,
  pages    = "1055--1063",
  year     =  2010
}

@ARTICLE{Palmer1990-qn,
  title     = "Effect of crab effluent and scent of damaged conspecifics on
               feeding, growth, and shell morphology of the Atlantic dogwhelk
               \emph{Nucella lapillus} (L.)",
  author    = "{Palmer}",
  journal   = "Hydrobiologia",
  publisher = "Springer Nature",
  volume    =  193,
  number    =  1,
  pages     = "155--182",
  year      =  1990
}

@INCOLLECTION{Oehlmann1998-zg,
  title     = "Imposex in \emph{Nucella lapillus} and intersex in \emph{Littorina littorea}:
               interspecific comparison of two TBT-induced effects and their
               geographical uniformity",
  booktitle = "Aspects of Littorinid Biology",
  author    = "Oehlmann, J and Bauer, B and Minchin, D and Schulte-Oehlmann, U
               and Fioroni, P and Markert, B",
  editor    = "O'Riordan, Ruth M and Burnell, Gavin M and Davies, Mark S and
               Ramsay, Neil F",
  publisher = "Springer Netherlands",
  pages     = "199--213",
  year      =  1998,
  address   = "Dordrecht"
}

@TECHREPORT{Gibbs1999-qr,
  title     = "Biological effects of contaminants: Use of imposex in the
               dogwhelk (\emph{Nucella lapillus}) as a bioindicator of tributyltin
               pollution",
  author    = "Gibbs, Peter E",
  publisher = "International Council for the Exploration of the Sea (ICES)",
  pages     = "37",
  year      =  1999
}

@ARTICLE{Crothers1985-cq,
  title     = "Two different patterns of shell-shape variation in the dog-whelk
               \emph{Nucella lapillus} (L.)",
  author    = "Crothers, J H",
  journal   = "Biol. J. Linn. Soc. Lond.",
  publisher = "Oxford University Press (OUP)",
  volume    =  25,
  number    =  4,
  pages     = "339--353",
  year      =  1985
}

@ARTICLE{Wilson-Brodie2017-yr,
  title    = "Historical shell size reduction of the dogwhelk (\emph{Nucella
              lapillus}) across the southern UK",
  author   = "Wilson-Brodie, Rebecca J and MacLean, Moira A and Fenberg,
              Phillip B",
  journal  = "Mar. Biol.",
  volume   =  164,
  number   =  9,
  pages    = "190",
  year     =  2017
}

@ARTICLE{Watson2017-lv,
  title    = "Latitudinal trends in shell production cost from the tropics to
              the poles",
  author   = "Watson, Sue-Ann and Morley, Simon A and Peck, Lloyd S",
  journal  = "Sci. Adv.",
  volume   =  3,
  number   =  9,
  pages    = "e1701362",
  year     =  2017
}

@ARTICLE{Kroeker2020-uq,
  title    = "Ecological change in dynamic environments: Accounting for
              temporal environmental variability in studies of ocean change
              biology",
  author   = "Kroeker, Kristy J and Bell, Lauren E and Donham, Emily M and
              Hoshijima, Umihiko and Lummis, Sarah and Toy, Jason A and
              Willis-Norton, Ellen",
  journal  = "Glob. Chang. Biol.",
  volume   =  26,
  number   =  1,
  pages    = "54--67",
  year     =  2020
}
